 @inproceedings{naiveBayes,
    address = {San Mateo},
    author = {George H. John and Pat Langley},
    booktitle = {Eleventh Conference on Uncertainty in Artificial Intelligence},
    pages = {338-345},
    publisher = {Morgan Kaufmann},
    title = {Estimating Continuous Distributions in Bayesian Classifiers},
    year = {1995}
 }
  @incollection{smo1,
  	author = {J. Platt},
  	booktitle = {Advances in Kernel Methods - Support Vector Learning},
  	editor = {B. Schoelkopf and C. Burges and A. Smola},
  	publisher = {MIT Press},
  	title = {Fast Training of Support Vector Machines using Sequential Minimal Optimization},
  	year = {1998},
  	URL = {http://research.microsoft.com/\~jplatt/smo.html},
  	PS = {http://research.microsoft.com/\~jplatt/smo-book.ps.gz},
  	PDF = {http://research.microsoft.com/\~jplatt/smo-book.pdf}
  }
  
  @article{smo2,
  	author = {S.S. Keerthi and S.K. Shevade and C. Bhattacharyya and K.R.K. Murthy},
  	journal = {Neural Computation},
  	number = {3},
  	pages = {637-649},
  	title = {Improvements to Platt's SMO Algorithm for SVM Classifier Design},
  	volume = {13},
  	year = {2001},
  	PS = {http://guppy.mpe.nus.edu.sg/\~mpessk/svm/smo_mod_nc.ps.gz}
  }
  
  @inproceedings{smo3,
  	author = {Trevor Hastie and Robert Tibshirani},
  	booktitle = {Advances in Neural Information Processing Systems},
  	editor = {Michael I. Jordan and Michael J. Kearns and Sara A. Solla},
  	publisher = {MIT Press},
  	title = {Classification by Pairwise Coupling},
  	volume = {10},
  	year = {1998},
  	PS = {http://www-stat.stanford.edu/\~hastie/Papers/2class.ps}
  }
  
  @book{BayesNet,
  	title={Bayesian network classifiers in weka},
  	author={Bouckaert, Remco R},
  	year={2004},
  	publisher={Department of Computer Science, University of Waikato}
  }
  
  @article{MPL1,
  	title={The multilayer perceptron as an approximation to a Bayes optimal discriminant function},
  	author={Ruck, Dennis W and Rogers, Steven K and Kabrisky, Matthew and Oxley, Mark E and Suter, Bruce W},
  	journal={Neural Networks, IEEE Transactions on},
  	volume={1},
  	number={4},
  	pages={296--298},
  	year={1990},
  	publisher={IEEE}
  }
  @article{MPL2,
  	title = "On the capabilities of multilayer perceptrons ",
  	journal = "Journal of Complexity ",
  	volume = "4",
  	number = "3",
  	pages = "193 - 215",
  	year = "1988",
  	note = "",
  	issn = "0885-064X",
  	doi = "http://dx.doi.org/10.1016/0885-064X(88)90020-9",
  	url = "http://www.sciencedirect.com/science/article/pii/0885064X88900209",
  	author = "Eric B Baum"
  }
   @book{j48,
   	address = {San Mateo, CA},
   	author = {Ross Quinlan},
   	publisher = {Morgan Kaufmann Publishers},
   	title = {C4.5: Programs for Machine Learning},
   	year = {1993}
   }
   @inproceedings{kstar,
   	author = {John G. Cleary and Leonard E. Trigg},
   	booktitle = {12th International Conference on Machine Learning},
   	pages = {108-114},
   	title = {K*: An Instance-based Learner Using an Entropic Distance Measure},
   	year = {1995}
   }
   
   @misc{mininet,
   	title = {{Mininet} Network Virtualization},
   	howpublished = {\url{http://mininet.org/}},
   	note = {Accessed: 2015-05-25}
   }
   @misc{floodlight,
   	title = {FloodLight},
   	howpublished = {\url{http://www.projectfloodlight.org/floodlight/}},
   	note = {Accessed: 2015-05-25}
   }
   @misc{openflow,
   	title = {OpenFlow},
   	howpublished = {\url{https://www.opennetworking.org/images/stories/downloads/sdn-resources/onf-specifications/openflow/openflow-spec-v1.3.0.pdf}},
   	note = {Accessed: 2015-05-25}
   }